@article{Buildings,
  author = {Pascal M\"{u}ller and Peter Wonka and Simon Haegler and Andreas Ulmer and Luc Van Gool},
  title = {Procedural modeling of buildings},
  journal = {ACM Trans. Graph.},
  volume = {25},
  number = {3},
  year = {2006},
  issn = {0730-0301},
  pages = {614--623},
  doi = {http://doi.acm.org/10.1145/1141911.1141931},
  publisher = {ACM Press},
  address = {New York, NY, USA},
}

@misc{Inkscape,
  title = {Inkscape},
  howpublished = {http://www.inkscape.org},
  year = {June, 2010},
}
